
@Book{corman,
		author = {Cormen Thomas H., Leiserson Charles E., Rivest Ronald L, Clifford Stein},
	title = {Wprowadzenie do algorytmów},
	publisher = {Wydawnictwo Naukowe PWN},
	year = {2018},
	address = {Warszawa},
	langid = {polish},
}

@Book{js,
	author = {Marijn Haverbeke},
	title = {Eloquent Javascript},
	publisher = {No Starch Press},
	year = {2018},
	langid = {english},
}

@Book{swift,
	author = {Apple},
	title = {The Swift Programming Language (Swift 5.0)},
	publisher = {Apple},
	year = {2019},
	langid = {english},
}

@Book{nodejsbook,
	author = {Alex Young, Bradley Meck, Mike Cantelon },
	title = {Node.js in Action, Second Edition},
	publisher = {Manning Publications},
	year = {2017},
	langid = {english},
}

@Article{nba,
  author={Wim Pijls. Henk Posty},
  title = {{Yet another bidirectional algorithm for shortest paths}},
  howpublished = "\url{http://repub.eur.nl/pub/16100/ei2009-10.pdf}", 
  note = "[Dostęp z dnia 28.08.2019]"
}

@misc{astar,
  title = {{Introduction to the A* Algorithm.}},
  howpublished = "\url{https://www.redblobgames.com/pathfinding/a-star/introduction.html}", 
  note = "[Dostęp z dnia 12.08.2019]"
}

@misc{reactjsdocs,
  title = {{Dokumentacja biblioteki ReactJS.}},
  howpublished = "\url{https://reactjs.org/docs/getting-started.html}", 
  note = "[Dostęp z dnia 15.09.2019]"
}

@misc{nodejsdocs,
  title = {{Dokumentacja biblioteki Node.js.}},
  howpublished = "\url{https://nodejs.org/en/docs/}", 
  note = "[Dostęp z dnia 15.09.2019]"
}

@misc{ngraph,
  title = {{Biblioteka NGraph.}},
  howpublished = "\url{https://github.com/anvaka/ngraph}", 
  note = "[Dostęp z dnia 2.09.2019]"
}

@misc{bikecitizens,
  title = {{Strona bikecitizens, wyszukiwarka dróg.}},
  howpublished = "\url{https://www.bikecitizens.net/}", 
  note = "[Dostęp z dnia 8.09.2019]"
}

@misc{applemaps,
  title = {{Dokumentacja Apple Maps}},
  howpublished = "\url{https://mapsconnect.apple.com/}", 
  note = "[Dostęp z dnia 15.08.2019]"
}

@misc{osm,
  title = {{Dokumentacja Openstreetmap}},
  howpublished = "\url{https://wiki.openstreetmap.org/wiki/Develop}", 
  note = "[Dostęp z dnia 10.08.2019]"
}

@misc{daroplan,
  title = {{Mapy Daroplan}},
  howpublished = "\url{http://ibikekrakow.com/mapa/\#12/50.06171/19.94765}", 
  note = "[Dostęp z dnia 25.08.2019]"
}

@misc{tempo30map,
  title = {{Mapy ZiKiT tempo 30 w Krakowie.}},
  howpublished = "\url{https://zikit.carto.com/tables/tempo30krakow/public/map}", 
  note = "[Dostęp z dnia 10.08.2019]"
}

@misc{tempo30baza,
  title = {{Baza danych ZiKiT dla dróg z ograniczeniem prędkości w Krakowie.}},
  howpublished = "\url{https://zikit.carto.com/tables/sugerowane_trasy/public}", 
  note = "[Dostęp z dnia 10.08.2019]"
}

@misc{drogibaza,
  title = {{Baza danych dróg rowerowych opublikowana przez ZiKiT dla Krakowa.}},
  howpublished = "\url{https://zikit.carto.com/tables/infrastruktura_rowerowa_06_2018/public}", 
  note = "[Dostęp z dnia 10.08.2019]"
}

@misc{googlemaps,
  title = {{Mapy google.}},
  howpublished = "\url{https://www.google.com/maps}", 
  note = "[Dostęp z dnia 2.09.2019]"
}

@misc{przegladarki,
  title = {{Statystyki użycia przegląrek internetowych.}},
  howpublished = "\url{https://gs.statcounter.com/browser-market-share/monthly-200901-201908}", 
  note = "[Dostęp z dnia 10.08.2019]"
}

